@comment{x-kbibtex-personnameformatting=<%l><, %f>}

@misc{ird1,
	author = "{{Inland Revenue}}",
	chapter = "http://www.ird.govt.nz/business-income-tax/expenses/mileage-rates/",
	title = "{Claiming business expenses - Mileage rate}",
	note = "Accessed on 26 March 2013",
	year = "http://www.ird.govt.nz/business-income-tax/expenses/mileage-rates/"
}

@article{scoble1,
	author = "Scoble, Aaron, Brown, Will, and Zhang, Mengjie",
	title = "{Evolutionary Spatial Auto-Correlation for Assessing
Earthquake Liquefaction Potential using Parallel
Linear Genetic Programming}",
	note = "Victoria University Wellington",
	year = "2013"
}

@article{zhang1,
	author = "Downey, Carlton and Zhang, Mengjie",
	title = "{Parallel Linear Genetic Programming}",
	note = "Victoria University Wellington",
	year = "2011"
}

@article{andrus1,
	author = "R. D. Andrus and K. H. I. Stockoe",
	title = "{Liquefaction resistance of soils from
shear-wave velocity}",
	note = "Geotechnical and Geoenvironmental Engineering",
	year = "2000"
}

@article{harik1,
	author = "G. R. Harik, F. G. Lobo and D. E. Goldberg",
	title = "{The compact genetic algorithm}",
	note = "IEEE Transactions on Evolutionary Computation",
	year = "1999"
}

@book{poli1,
	author = "R. Poli, W. B. Langdon and N. F. McPhee",
	title = "A Field Guide to Genetic Programming",
	note = "ISBN 978-1-4092-0073-4",
	year = "2008"
}


@article{hansen1,
    author = "Nikolaus Hansen and Stefan Kern",
    title = "{Evaluating the CMA Evolution Strategy on Multimodal Test Functions}",
    note = "Swiss Federal Institute of Technology (ETH) Zurich, Switzerland",
    year = "2004"
}

@MISC{hansen2,
    author = "Nikolaus Hansen",
    title = "{The CMA Evolution Strategy: A Comparing Review}",
    note = "Swiss Federal Institute of Technology (ETH) Zurich, Switzerland",
    year = "2006"
}

@book{lanzi1,
note="ISBN 978-3-540-67729-1",
booktitle="{Learning Classifier Systems}",
series="{Lecture Notes in Computer Science}",
title="{A Roadmap to the Last Decade of Learning Classifier System Research (From 1989 to 1999)}",
author="Lanzi, PierLuca and Riolo, RickL.",
year="2000"
}


