@comment{x-kbibtex-personnameformatting=<%l><, %f>}

@incollection{scoble1,
	author = "{A. Scoble, W. Brown, and M. Zhang}",
	title = "{Evolutionary Spatial Auto-Correlation for Assessing Earthquake Liquefaction Potential using Parallel Linear Genetic Programming}",
	booktitle = "Victoria University Wellington",
	year = "2013"
}

@incollection{1,
	author = "Downey, Carlton and Zhang Mengjie",
	title = "{Parallel Linear Genetic Programming}",
	booktitle = "Victoria University Wellington",
	year = "2011"
}

@incollection{2,
	author = "{W. Stephenson, P. Barker, Z. Bruce and R. Beetham}",
	title = "{Immediate Report on the Use of Microtremors (SPAC Measurements) for Assessing Liquefaction Potential in the Christchurch Area}",
	booktitle = "GNS Science, Tech. Rep.",
	year = "2011"
}

@incollection{3,
  title={Space and time spectra of stationary stochastic waves, with special reference to microtremors},
  author={Aki, Keiiti},
  booktitle = "Bull. Earthquake Res. Inst. Univ. Tokyo.",
  year="1957",
}

@incollection{5,
  title={Spatial correlation for directional sensors in arbitrary noise fields},
  author={H. Cox, H. Lai, and K. Bell},
  booktitle = "in Proceedings of the 43rd Asilomar conference on Signals, Systems and Computers.",
  year="2009",
}

@incollection{6,
  title={The use of micro-tremors for the definition of soil properties and bedrock depth in an urban area},
  author={P. Apostolidis, D. Raptakis, and K. Pitilakis},
  year="2004",
}


@incollection{7,
  title="{a non-invasive site investigation method for determining site class from microtremor records}",
  author="{R. Beetham, W. Stephenson, P. Barker, and N. Perrin}",
  booktitle = "in Proceedings of the 11th IAEG Congress",
  year="2010",
}

@incollection{10,
  title={Microtremor based determination of shear-wave velocity of soft soils using the spac method,},
  author={W. Stephenson, P. Barker and R. Beetham},
  booktitle = "GNS Science, Tech. Rep.",
  year="2011",
}

@incollection{11,
  title={Computer Programs in Seismology},
  author={R. B. Herrmann},
  booktitle = "Saint Louis University, USE, 2002.",
  year="2011",
}

@incollection{12,
  title={A simplex method for functional minimization},
  author={J. A. Nelder and R. Mead,},
  booktitle = "The Computer Journal, vol. 7, no. 4, pp. 308-313,",
  year="1965",
}

@incollection{13,
  title={Genetic Programming: On the Programming of Computers by Means of Natural Selection,},
  author={J. R. Koza,},
  booktitle = "Cambridge, Mass.: MIT Press,",
  year="1992",
}

@incollection{15,
  title={Evolving teams of predictors with linear genetic programming},
  author={M. Brameier and W. Banzhaf,},
  booktitle = "in Genetic Programming and Evolvable Machines.",
  year="2001",
}

@incollection{16,
  title={Parallel linear genetic programming},
  author={C. Downey and M. Zhang},
  booktitle = "in Proceedings of the 14th European Conference on Genetic Programming",
  year="2011",
}

@incollection{17,
  title={Parallel linear genetic programming for multi-class classification},
  author={C. Downey, M. Zhang and J. Liu},
  booktitle = "Genetic Programming and Evolvable Machines",
  year="2012",
}

@incollection{22,
  title={A comparison of linear genetic programming and neural networks in medical data mining},
  author={M. Brameier and W. Banzhaf},
  booktitle = "IEEE Transactions on Evolutionary Computation",
  year="2001",
}

@incollection{23,
  title={Parallel linear genetic programming for multi-class classification},
  author={C. Fogelberg and M. Zhang},
  booktitle = "in AI 2005: Advances in Artificial Intelligence",
  year="2005",
}

@incollection{24,
  title={Multi-class object recognition based on texture linear genetic programming},
  author={G. Olague, E. Romero, L. Trujillo and B. Bhanu},
  booktitle = "Applications of Evolutionary Computing",
  year="2007",
}

@incollection{andrus1,
	author = "R. D. Andrus and K. H. I. Stockoe",
	title = "{Liquefaction resistance of soils from
shear-wave velocity}",
	booktitle = "Geotechnical and Geoenvironmental Engineering",
	year = "2000"
}

@incollection{harik1,
	author = "G. R. Harik, F. G. Lobo and D. E. Goldberg",
	title = "{The compact genetic algorithm}",
	booktitle = "IEEE Transactions on Evolutionary Computation",
	year = "1999"
}

@incollection{poli1,
	author = "R. Poli, W. B. Langdon and N. F. McPhee",
	title = "A Field Guide to Genetic Programming",
	booktitle = "ISBN 978-1-4092-0073-4",
	year = "2008"
}


@incollection{hansen1,
    author = "Nikolaus Hansen and Stefan Kern",
    title = "{Evaluating the CMA Evolution Strategy on Multimodal Test Functions}",
    booktitle = "Swiss Federal Institute of Technology (ETH) Zurich, Switzerland",
    year = "2004"
}

@incollection{hansen2,
    author = "Nikolaus Hansen",
    title = "{The CMA Evolution Strategy: A Comparing Review}",
    booktitle = "Swiss Federal Institute of Technology (ETH) Zurich, Switzerland",
    year = "2006"
}

@book{lanzi1,
note="ISBN 978-3-540-67729-1",
booktitle="{Learning Classifier Systems}",
series="{Lecture Notes in Computer Science}",
title="{A Roadmap to the Last Decade of Learning Classifier System Research (From 1989 to 1999)}",
author="Lanzi, PierLuca and Riolo, RickL.",
year="2000"
}


